<?xml version="1.0" encoding="UTF-8"?><record xmlns="http://www.loc.gov/MARC21/slim" xmlns:cinclude="http://apache.org/cocoon/include/1.0" xmlns:zs="http://www.loc.gov/zing/srw/">
  <leader>00430cz  a2200121n  4500</leader>
  <controlfield tag="001">n  00008082 </controlfield>
  <controlfield tag="003">DLC</controlfield>
  <controlfield tag="005">20001011135029.0</controlfield>
  <controlfield tag="008">001011n| acannaabn          |n aaa      </controlfield>
  <datafield tag="010" ind1=" " ind2=" ">
    <subfield code="a">n  00008082 </subfield>
  </datafield>
  <datafield tag="040" ind1=" " ind2=" ">
    <subfield code="a">DLC</subfield>
    <subfield code="b">eng</subfield>
    <subfield code="c">DLC</subfield>
    <subfield code="d">DLC</subfield>
  </datafield>
  <datafield tag="100" ind1="1" ind2=" ">
    <subfield code="a">Lavers, Chris</subfield>
  </datafield>
  <datafield tag="670" ind1=" " ind2=" ">
    <subfield code="a">Why elephants have big ears, 2001:</subfield>
    <subfield code="b">CIP t.p. (Chris Lavers) galley (lecturer in natural history, School of Geography, Univ. of Nottingham; Ph. D., wildlife ecology, 1993)</subfield>
  </datafield>
</record>